<?xml version="1.0" encoding="UTF-8"?><record xmlns="http://www.loc.gov/MARC21/slim" xmlns:cinclude="http://apache.org/cocoon/include/1.0" xmlns:zs="http://www.loc.gov/zing/srw/">
  <leader>00437cz  a2200121n  4500</leader>
  <controlfield tag="001">n  89660489 </controlfield>
  <controlfield tag="003">DLC</controlfield>
  <controlfield tag="005">19891101100305.4</controlfield>
  <controlfield tag="008">891027n| acannaab|          |n and |||  </controlfield>
  <datafield tag="010" ind1=" " ind2=" ">
    <subfield code="a">n  89660489 </subfield>
  </datafield>
  <datafield tag="040" ind1=" " ind2=" ">
    <subfield code="a">DLC</subfield>
    <subfield code="c">DLC</subfield>
    <subfield code="d">DLC</subfield>
  </datafield>
  <datafield tag="110" ind1="2" ind2="0">
    <subfield code="a">Illinois Library Trustee Association</subfield>
  </datafield>
  <datafield tag="670" ind1=" " ind2=" ">
    <subfield code="a">nuc89-94150: Kepka, R. Library cooperation, 1986</subfield>
    <subfield code="b">(hdg. on LU rept.: Illinois Library Trustee Association; usage in note: Illinois Library Trustee Association)</subfield>
  </datafield>
</record>